<record><leader>00000cas a22000007a 4500</leader><controlfield tag="001">22481228</controlfield><controlfield tag="008">901009d19071911maudn ne      0    0eng d</controlfield><datafield ind1=" " ind2=" " tag="010"><subfield code="a">sn 89063322 </subfield></datafield><datafield ind1=" " ind2=" " tag="040"><subfield code="a">MGN</subfield><subfield code="b">eng</subfield><subfield code="c">MGN</subfield><subfield code="d">OCLCQ</subfield></datafield><datafield ind1=" " ind2=" " tag="042"><subfield code="a">msc</subfield></datafield><datafield ind1="0" ind2="0" tag="245"><subfield code="a">Newburyport leader.</subfield></datafield><datafield ind1="3" ind2="0" tag="246"><subfield code="a">Newburyport leader and the summer colonist</subfield></datafield><datafield ind1="1" ind2="7" tag="246"><subfield code="a">Newburyport herald-leader</subfield><subfield code="f">May 12, 1910-1911</subfield></datafield><datafield ind1=" " ind2=" " tag="260"><subfield code="a">Newburyport, Mass. :</subfield><subfield code="b">Leader Pub. Co.</subfield></datafield><datafield ind1=" " ind2=" " tag="300"><subfield code="a">v.</subfield></datafield><datafield ind1=" " ind2=" " tag="310"><subfield code="a">Daily (except Sun.)</subfield></datafield><datafield ind1="1" ind2=" " tag="362"><subfield code="a">Began in Apr., 1907.</subfield></datafield><datafield ind1="0" ind2=" " tag="362"><subfield code="a">-v. 5, no. 71 (July 8, 1911).</subfield></datafield><datafield ind1=" " ind2=" " tag="500"><subfield code="a">Published as: Newburyport leader and the summer colonist, July 1-Sept. 11, 1909.</subfield></datafield><datafield ind1=" " ind2=" " tag="588"><subfield code="a">Description based on: Vol. 2, no. 33 (May 21, 1908).</subfield></datafield><datafield ind1=" " ind2=" " tag="752"><subfield code="a">United States</subfield><subfield code="b">Massachusetts</subfield><subfield code="c">Essex</subfield><subfield code="d">Newburyport.</subfield></datafield><datafield ind1="0" ind2="4" tag="785"><subfield code="t">Newburyport morning herald</subfield><subfield code="w">(DLC)sn 89063323</subfield></datafield><datafield ind1="1" ind2=" " tag="029"><subfield code="a">AU@</subfield><subfield code="b">000025852017</subfield></datafield></record>